% Encoding: UTF-8

@InProceedings{Ilsche_2018_lo2s,
  author    = {Ilsche, Thomas and Sch{\"{o}}ne, Robert and Joram, Philipp and Bielert, Mario and Gocht, Andreas},
  title     = {{System Monitoring with lo2s: Power and Runtime Impact of C-State Transitions}},
  booktitle = {2018 IEEE International Parallel and Distributed Processing Symposium Workshops (IPDPSW)},
  year      = {2018},
  doi       = {10.1109/IPDPSW.2018.00114},
  note = {\href{https://doi.org/10.1109/IPDPSW.2018.00114}{DOI: 10.1109/IPDPSW.2018.00114}}
}

@InProceedings{Schoene_2019_SKL,
  author        = {Robert Schöne and Thomas Ilsche and Mario Bielert and Andreas Gocht and Daniel Hackenberg},
  title         = {{Energy Efficiency Features of the Intel Skylake-SP Processor and Their Impact on Performance}},
  year          = {2019},
  booktitle     = {International Conference on High Performance Computing   Simulation (HPCS)},
  doi       = {10.1109/HPCS48598.2019.9188239},
  note = {\href{https://doi.org/10.1109/HPCS48598.2019.9188239}{DOI: 10.1109/HPCS48598.2019.9188239}}
}

@InProceedings{Ilsche_2019_MetricQ,
  author    = {Ilsche, Thomas and Hackenberg, Daniel and Sch{\"{o}}ne, Robert and Bielert, Mario and H{\"{o}}pfner, Franz and Nagel, Wolfgang E.},
  title     = {{MetricQ: A Scalable Infrastructure for Processing High-Resolution Time Series Data}},
  booktitle = {2019 IEEE/ACM Industry/University Joint International Workshop on Data-center Automation, Analytics, and Control (DAAC)},
  year      = {2019},
  doi       = {10.1109/DAAC49578.2019.00007},
  note = {\href{https://doi.org/10.1109/DAAC49578.2019.00007}{DOI: 10.1109/DAAC49578.2019.00007}}
}

@InProceedings{Ilsche_2018_HDEEM_HAEC,
  author    = {Ilsche, Thomas and Sch{\"{o}}ne, Robert and Schuchart, Joseph and Hackenberg, Daniel and Simon, Marc and Georgiou, Yiannis and Nagel, Wolfgang E.},
  title     = {{Power Measurement Techniques for Energy-Efficient Computing: Reconciling Scalability, Resolution, and Accuracy}},
  booktitle = {SICS Soft\-ware-In\-ten\-sive Cyber-Physical Systems},
  year      = {2018},
  doi       = {10.1007/s00450-018-0392-9},
  note = {\href{https://doi.org/10.1007/s00450-018-0392-9}{DOI: 10.1007/s00450-018-0392-9}},
  journal   = {Computer Science - Research and Development},
}

@InProceedings{Hackenberg_2015_Haswell,
  author    = {Daniel Hackenberg and Robert Sch{\"{o}}ne and Thomas Ilsche and Daniel Molka and Joseph Schuchart and Robin Geyer},
  title     = {{An Energy Efficiency Feature Survey of the {Intel} {Haswell} Processor}},
  booktitle = {2015 {IEEE} International Parallel and Distributed Processing Symposium Workshop},
  year      = {2015},
  doi       = {10.1109/ipdpsw.2015.70},
  note = {\href{https://doi.org/10.1109/ipdpsw.2015.70}{DOI: 10.1109/ipdpsw.2015.70}}
}

@Manual{ZES_LMG600_manual,
  author       = {{ZES ZIMMER Electronic Systems GmbH}},
  title        = {Instrument Family LMG600 --- 1 to 7 phase precision power analyzer - User Manual},
  year         = {2016},
  edition      = {V1.030 R33655},
  organization = {{ZES ZIMMER Electronic Systems GmbH}},
  file         = {:ZES_LMG600_manual_de.pdf:PDF;:ZES_LMG600_manual_en.pdf:PDF},
  groups       = {manuals},
  month        = {2},
}

@InProceedings{Hackenberg_2013_FIRESTARTER,
  author={D. {Hackenberg} and R. {Oldenburg} and D. {Molka} and R. {Schöne}},
  booktitle={2013 International Green Computing Conference Proceedings}, 
  title={{Introducing FIRESTARTER: A Processor Stress Test Utility}}, 
  year={2013},
  doi={10.1109/IGCC.2013.6604507},
  note = {\href{https://doi.org/10.1109/IGCC.2013.6604507}{DOI: 10.1109/IGCC.2013.6604507}}}
  
  @INPROCEEDINGS {Lucas_2016_AluPower,
author = {J. Lucas and B. Juurlink},
booktitle = {2016 IEEE 24th International Symposium on Modeling, Analysis and Simulation of Computer and Telecommunication Systems (MASCOTS)},
title = {{ALUPower: Data Dependent Power Consumption in GPUs}},
year = {2016},
doi = {10.1109/MASCOTS.2016.21},
  note = {\href{https://doi.org/10.1109/MASCOTS.2016.21}{DOI: 10.1109/MASCOTS.2016.21}}
}

@ARTICLE{dvfs,
	author={Burd, Thomas D. and Pering, Trevor A. and Stratakos, Anthony J. and Brodersen, Robert W.},
	journal={IEEE Journal of Solid-State Circuits}, 
	title={{A Dynamic Voltage Scaled Microprocessor System}}, 
	year={2000},
  note = {\href{https://doi.org/10.1109/4.881202}{DOI: 10.1109/4.881202}},
	doi={10.1109/4.881202}
}

@ARTICLE{AMD_Zen2_Overview,
  author   = {D. {Suggs} and M. {Subramony} and D. {Bouvier}},
  journal  = {IEEE Micro},
  title    = {{The AMD “Zen 2” Processor}},
  year     = {2020},
  note     = {\href{https://doi.org/10.1109/MM.2020.2974217}{DOI: 10.1109/MM.2020.2974217}},
  DISABLED_doi = {10.1109/MM.2020.2974217},
}

@article{Dennard_07_Scaling,
	title = {{A perspective on today’s scaling challenges and possible future directions}},
	journal = {Solid-State Electronics},
	year = {2007},
	note = {Special Issue: Papers selected from the 2006 ULIS Conference},
	issn = {0038-1101},
	doi = {10.1016/j.sse.2007.02.004},
   note = {\href{https://doi.org/10.1016/j.sse.2007.02.004}{DOI: 10.1016/j.sse.2007.02.004}},
	author = {Robert H. Dennard and Jin Cai and Arvind Kumar},
}

@INPROCEEDINGS{Hackenberg_2013_Power,
	
	author={Hackenberg, Daniel and Ilsche, Thomas and Schöne, Robert and Molka, Daniel and Schmidt, Maik and Nagel, Wolfgang E.},
	
	booktitle={2013 IEEE International Symposium on Performance Analysis of Systems and Software (ISPASS)}, 
	
	title={{Power Measurement Techniques on Standard Compute Nodes: A Quantitative Comparison}}, 
	
	year={2013},
	
   note = {\href{https://doi.org/10.1109/ISPASS.2013.6557170}{DOI: 10.1109/ISPASS.2013.6557170}},
	
	doi={10.1109/ISPASS.2013.6557170}}

@techreport{acpi,
	AUTHOR = "Yakov Rekhter and Tony Li",
	TITLE = "{ACPI Specification Version 6.4}",
	YEAR = {2021},
	MONTH = {Jan},
	PUBLISHER = "{Unified Extensible Firmware Interface Forum}",
	INSTITUTION = "{Unified Extensible Firmware Interface Forum}",
	URL={https://uefi.org/sites/default/files/resources/ACPI_Spec_6_4_Jan22.pdf}
}

@INPROCEEDINGS{Molka_2010_Energy,
	
	author={Molka, Daniel and Hackenberg, Daniel and Schöne, Robert and Müller, Matthias S.},
	
	booktitle={International Conference on Green Computing}, 
	
	title={{Characterizing the Energy Consumption of Data Transfers and Arithmetic Operations on x86-64 Processors}}, 
	
	year={2010},
	
   note = {\href{https://doi.org/10.1109/GREENCOMP.2010.5598316}{DOI: 10.1109/GREENCOMP.2010.5598316}},
	
	doi={10.1109/GREENCOMP.2010.5598316}}

@Article{Schuchart_2016_Shift,
	author="Schuchart, Joseph
	and Hackenberg, Daniel
	and Sch{\"o}ne, Robert
	and Ilsche, Thomas
	and Nagappan, Ramkumar
	and Patterson, Michael K.",
	title={{The Shift from Processor Power Consumption to Performance Variations: Fundamental Implications at Scale}},
	journal="Computer Science - Research and Development",
	year="2016",
	doi="10.1007/s00450-016-0327-2",

   note = {\href{https://doi.org/10.1007/s00450-016-0327-2}{DOI: 10.1007/s00450-016-0327-2}},
}

@INPROCEEDINGS{Rountree_2021_Performance_Power_Bound,
	
	author={Rountree, Barry and Ahn, Dong H. and de Supinski, Bronis R. and Lowenthal, David K. and Schulz, Martin},
	
	booktitle={2012 IEEE 26th International Parallel and Distributed Processing Symposium Workshops   PhD Forum}, 
	
	title={{Beyond DVFS: A First Look at Performance under a Hardware-Enforced Power Bound}}, 
	
	year={2012},

   note = {\href{https://doi.org/10.1109/IPDPSW.2012.116}{DOI: 10.1109/IPDPSW.2012.116}},
	
	doi={10.1109/IPDPSW.2012.116}}

@InProceedings{Schoene_2021_Zen2,
  author    = {Robert Sch\"{o}ne and Thomas Ilsche and Mario Bielert and Markus Velten and Markus Schmidl and Daniel Hackenberg},
  title     = {{Energy Efficiency Aspects of the AMD Zen 2 Architecture}},
  booktitle = {IEEE International Conference on Cluster Computing (CLUSTER)},
  year      = {2021},
  publisher = {IEEE},
  note      = {(accepted)},
}

@INPROCEEDINGS{Intel_2021_Hotchips,
  author={Biswas, Arijit},
  booktitle={2021 IEEE Hot Chips 33 Symposium (HCS)}, 
  title={Sapphire Rapids}, 
  year={2021},
  volume={},
  number={},
  pages={1-22},
  keywords={Data centers;Artificial intelligence;Standards},
  doi={10.1109/HCS52781.2021.9566865}}

@Comment{jabref-meta: databaseType:bibtex;}
